<?xml version="1.0" encoding="UTF-8"?><collection xmlns="http://www.loc.gov/MARC21/slim"><record><leader>00615nam--2200193-u-4500</leader><controlfield tag="001">000056097</controlfield><controlfield tag="002">20161230</controlfield><controlfield tag="005">20161230201052</controlfield><controlfield tag="008">141209s1000------------r-----000-0-eng-d</controlfield><datafield ind1=" " ind2=" " tag="020"><subfield code="a">9971966670</subfield></datafield><datafield ind1=" " ind2=" " tag="040"><subfield code="a">IFIN-HH</subfield></datafield><datafield ind1=" " ind2=" " tag="080"><subfield code="a">531.5:52(0621.3)</subfield></datafield><datafield ind1="1" ind2=" " tag="100"><subfield code="a">Prasanna, A.R</subfield></datafield><datafield ind1="1" ind2="0" tag="245"><subfield code="a">Gravitation and relativistic astrophysics</subfield><subfield code="b">Proceedings of the workshop ahmedabad, 18-20 january, 1982</subfield><subfield code="c">A.r. prasanna, j.v. narlikar, c.v. vishveshwara (eds.)</subfield></datafield><datafield ind1=" " ind2=" " tag="260"><subfield code="a">Singapore</subfield><subfield code="b">World Scientific</subfield><subfield code="c">1984</subfield></datafield><datafield ind1=" " ind2=" " tag="300"><subfield code="a">VII+151P</subfield></datafield><datafield ind1="1" ind2=" " tag="700"><subfield code="a">Vishveshwara, C.V</subfield><subfield code="e">Ed</subfield></datafield><datafield ind1=" " ind2=" " tag="852"><subfield code="a">79148</subfield><subfield code="c">523</subfield></datafield><datafield ind1=" " ind2=" " tag="CAT"><subfield code="a">Sys</subfield><subfield code="c">20141209</subfield><subfield code="h">182000</subfield></datafield></record></collection>